@article{kopka1995guide,
    title={A Guide to $\{$$\backslash$LaTeX$\}$--Document},
    author={Kopka, H and Daly, PW},
    year={1995},
    publisher={Citeseer}
}
@article{oetiker2007not,
    title={The not so short introduction to LATEX2e},
    author={Oetiker, Tobias and Partl, Hubert and Hyna, Irene and Schlegl, Elisabeth},
    journal={Unpublished manuscript. http://www.tug.org/tex-archive/info/lshort/english/lshort.pdf},
    year={2007}
}